<record><leader>00000cas a22000007a 4500</leader><controlfield tag="001">13459671</controlfield><controlfield tag="008">860421d19171918nvuwr ne      0    0eng d</controlfield><datafield ind1=" " ind2=" " tag="010"><subfield code="a">sn 86076056 </subfield></datafield><datafield ind1=" " ind2=" " tag="040"><subfield code="a">NNX</subfield><subfield code="b">eng</subfield><subfield code="c">NNX</subfield><subfield code="d">UNP</subfield><subfield code="d">NNX</subfield><subfield code="d">OCLCQ</subfield></datafield><datafield ind1=" " ind2=" " tag="042"><subfield code="a">msc</subfield></datafield><datafield ind1=" " ind2="4" tag="050"><subfield code="a">AN2.N3</subfield><subfield code="b">N48</subfield></datafield><datafield ind1="0" ind2=" " tag="130"><subfield code="a">Nevada observer (Reno, Nev. : 1917)</subfield></datafield><datafield ind1="1" ind2="0" tag="245"><subfield code="a">Nevada observer.</subfield></datafield><datafield ind1=" " ind2=" " tag="260"><subfield code="a">Reno, Nev. :</subfield><subfield code="b">C.W. Flodin,</subfield><subfield code="c">1917-1918.</subfield></datafield><datafield ind1=" " ind2=" " tag="300"><subfield code="a">2 v. :</subfield><subfield code="b">ill.</subfield></datafield><datafield ind1=" " ind2=" " tag="310"><subfield code="a">Weekly</subfield></datafield><datafield ind1="0" ind2=" " tag="362"><subfield code="a">Vol. 3, no. 1, (Dec. 12, 1917)-v. 2, no. 8 (May 15, 1918).</subfield></datafield><datafield ind1=" " ind2=" " tag="515"><subfield code="a">Vol. 1, no. 1 misnumbered Vol. 3, no. 1.</subfield></datafield><datafield ind1="8" ind2=" " tag="521"><subfield code="a">Labor.</subfield></datafield><datafield ind1=" " ind2=" " tag="752"><subfield code="a">United States</subfield><subfield code="b">Nevada</subfield><subfield code="c">Washoe</subfield><subfield code="d">Reno.</subfield></datafield><datafield ind1="0" ind2="0" tag="780"><subfield code="t">Nevada federationist (Reno, Nev. : 1917 : C.W. Flodin)</subfield><subfield code="w">(DLC)sn 86076055</subfield><subfield code="w">(OCoLC)13459615</subfield></datafield></record>